@inproceedings{ijcai15,
	Author = {Lim, Kwan Hui and Chan, Jeffrey and Leckie, Christopher and Karunasekera, Shanika},
	Series = {IJCAI '15},
	Title = {Personalized tour recommendation based on user interests and points of interest visit durations},
	Year = {2015}}

@inproceedings{cikm16paper,
	Author = {Chen, Dawei and Ong, Cheng Soon and Xie, Lexing},
	Series = {CIKM '16},
	Title = {Learning Points and Routes to Recommend Trajectories},
	Year = {2016}}

@article{lranksvm,
    title={Large-scale linear rank{SVM}},
    author={Lee, Ching-Pei and Lin, Chuan-bi},
    journal={Neural computation},
    volume={26},
    number={4},
    pages={781--817},
    year={2014},
    publisher={MIT Press}
}

@misc{parallel_coord,
    author = {Wikipedia},
    title = {Parallel coordinates},
    howpublished = {\url{https://en.wikipedia.org/wiki/Parallel_coordinates}},
    year = {2017}, 
    note = {Accessed: July 2017}
}

@book{robbins2005creating,
  title={Creating more effective graphs},
  author={Robbins, N.B.},
  isbn={9780471274025},
  year={2005},
  publisher={Wiley-Interscience}
}

@inproceedings{shneiderman1996eyes,
  title={The eyes have it: A task by data type taxonomy for information visualizations},
  author={Shneiderman, Ben},
  booktitle={Visual Languages, 1996. Proceedings., IEEE Symposium on},
  pages={336--343},
  year={1996},
  organization={IEEE}
}
